@book{marr_aa_2010,
	Author = {Marr, David},
	Booktitle = {{Vision: A Computational Investigation Into the Human Representation and Processing of Visual Information}},
	Publisher = {MIT Press},
	Tags = {human visual system; computational vision;},
	Title = {{Vision: A Computational Investigation Into the Human Representation and Processing of Visual Information}},
	Year = {2010}}

@inproceedings{dellaert_spieits_1997,
  month            = "October",
  title            = "{Robust car tracking using Kalman filtering and Bayesian templates}",
  author           = "F. Dellaert and C. Thorpe",
  year             = "1997",
  booktitle        = "{Proceedings of SPIE: Intelligent Transportation Systems}",
  volume           = "3207",
}


